@article{glodzik2012alzheimer,
  title={Alzheimer's disease markers, hypertension, and gray matter damage in normal elderly},
  author={Glodzik, Lidia and Mosconi, Lisa and Tsui, Wai and de Santi, Susan and Zinkowski, Raymond and Pirraglia, Elizabeth and Rich, Kenneth E and McHugh, Pauline and Li, Yi and Williams, Schantel and others},
  journal={Neurobiology of aging},
  volume={33},
  number={7},
  pages={1215--1227},
  year={2012},
  publisher={Elsevier}
}

@article{cuingnet2011automatic,
  title={Automatic classification of patients with Alzheimer's disease from structural MRI: a comparison of ten methods using the ADNI database},
  author={Cuingnet, R{\'e}mi and Gerardin, Emilie and Tessieras, J{\'e}r{\^o}me and Auzias, Guillaume and Leh{\'e}ricy, St{\'e}phane and Habert, Marie-Odile and Chupin, Marie and Benali, Habib and Colliot, Olivier and Alzheimer's Disease Neuroimaging Initiative and others},
  journal={neuroimage},
  volume={56},
  number={2},
  pages={766--781},
  year={2011},
  publisher={Elsevier}
}

@article{bottino2002volumetric,
  title={Volumetric MRI measurements can differentiate Alzheimer's disease, mild cognitive impairment, and normal aging},
  author={Bottino, C{\'a}ssio MC and Castro, Cl{\'a}udio C and Gomes, Regina LE and Buchpiguel, Carlos A and Marchetti, Renato L and Neto, M{\'a}rio R Louz{\~a}},
  journal={International Psychogeriatrics},
  volume={14},
  number={1},
  pages={59--72},
  year={2002},
  publisher={Cambridge University Press}
}
