@article{glodzik2012alzheimer,
  title={Alzheimer's disease markers, hypertension, and gray matter damage in normal elderly},
  author={Glodzik, Lidia and Mosconi, Lisa and Tsui, Wai and de Santi, Susan and Zinkowski, Raymond and Pirraglia, Elizabeth and Rich, Kenneth E and McHugh, Pauline and Li, Yi and Williams, Schantel and others},
  journal={Neurobiology of aging},
  volume={33},
  number={7},
  pages={1215--1227},
  year={2012},
  publisher={Elsevier}
}

@article{cuingnet2011automatic,
  title={Automatic classification of patients with Alzheimer's disease from structural MRI: a comparison of ten methods using the ADNI database},
  author={Cuingnet, R{\'e}mi and Gerardin, Emilie and Tessieras, J{\'e}r{\^o}me and Auzias, Guillaume and Leh{\'e}ricy, St{\'e}phane and Habert, Marie-Odile and Chupin, Marie and Benali, Habib and Colliot, Olivier and Alzheimer's Disease Neuroimaging Initiative and others},
  journal={neuroimage},
  volume={56},
  number={2},
  pages={766--781},
  year={2011},
  publisher={Elsevier}
}

@article{bottino2002volumetric,
  title={Volumetric MRI measurements can differentiate Alzheimer's disease, mild cognitive impairment, and normal aging},
  author={Bottino, C{\'a}ssio MC and Castro, Cl{\'a}udio C and Gomes, Regina LE and Buchpiguel, Carlos A and Marchetti, Renato L and Neto, M{\'a}rio R Louz{\~a}},
  journal={International Psychogeriatrics},
  volume={14},
  number={1},
  pages={59--72},
  year={2002},
  publisher={Cambridge University Press}
}





@article{brookmeyer1998projections,
  title={Projections of Alzheimer's disease in the United States and the public health impact of delaying disease onset.},
  author={Brookmeyer, Ron and Gray, Sarah and Kawas, Claudia},
  journal={American journal of public health},
  volume={88},
  number={9},
  pages={1337--1342},
  year={1998},
  publisher={American Public Health Association}
}

@article{ferri2006global,
  title={Global prevalence of dementia: a Delphi consensus study},
  author={Ferri, Cleusa P and Prince, Martin and Brayne, Carol and Brodaty, Henry and Fratiglioni, Laura and Ganguli, Mary and Hall, Kathleen and Hasegawa, Kazuo and Hendrie, Hugh and Huang, Yueqin and others},
  journal={The lancet},
  volume={366},
  number={9503},
  pages={2112--2117},
  year={2006},
  publisher={Elsevier}
}

@article{ramaroson2003prevalence,
  title={Prevalence of dementia and Alzheimer's disease among subjects aged 75 years or over: updated results of the PAQUID cohort},
  author={Ramaroson, H and Helmer, C and Barberger-Gateau, P and Letenneur, L and Dartigues, JF},
  journal={Revue neurologique},
  volume={159},
  number={4},
  pages={405--411},
  year={2003}
}





@article{winblad1999assessing,
  title={Assessing the societal impact of acetylcholinesterase inhibitor therapies.},
  author={Winblad, Bengt and Wimo, Anders},
  journal={Alzheimer Disease \& Associated Disorders},
  volume={13},
  pages={S9--S19},
  year={1999},
  publisher={LWW}
}

@article{dekosky2003looking,
  title={Looking backward to move forward: early detection of neurodegenerative disorders},
  author={DeKosky, Steven T and Marek, Kenneth},
  journal={Science},
  volume={302},
  number={5646},
  pages={830--834},
  year={2003},
  publisher={American Association for the Advancement of Science}
}

@article{braak1995staging,
  title={Staging of Alzheimer's disease-related neurofibrillary changes},
  author={Braak, Heiko and Braak, Eva},
  journal={Neurobiology of aging},
  volume={16},
  number={3},
  pages={271--278},
  year={1995},
  publisher={Elsevier}
}



@article{braak1995staging,
  title={Staging of Alzheimer's disease-related neurofibrillary changes},
  author={Braak, Heiko and Braak, Eva},
  journal={Neurobiology of aging},
  volume={16},
  number={3},
  pages={271--278},
  year={1995},
  publisher={Elsevier}
}

@article{leite2004pathological,
  title={Pathological aging of the brain: an overview},
  author={Leite, Ant{\'o}nio J Bastos and Scheltens, Philip and Barkhof, Frederik},
  journal={Topics in Magnetic Resonance Imaging},
  volume={15},
  number={6},
  pages={369--389},
  year={2004},
  publisher={LWW}
}

@article{glodzik2005role,
  title={The role of quantitative structural imaging in the early diagnosis of Alzheimer's diseaseQ4},
  author={Glodzik-Sobanska, Lidia and Rusinek, Henry and Mosconi, Lisa and Li, Yi and Zhan, Jiong and de Santi, Susan and Convit, Antonio and Rich, Kenneth and Brys, Miroslaw and de Leon, Mony J},
  journal={Neuroimaging clinics of north america},
  volume={15},
  number={4},
  pages={803--826},
  year={2005},
  publisher={Elsevier}
}







@article{xu2000usefulness,
  title={Usefulness of MRI measures of entorhinal cortex versus hippocampus in AD},
  author={Xu, Y and Jack, CR and O’brien, PC and Kokmen, E and Smith, Glenn E and Ivnik, Robert J and Boeve, Bradley F and Tangalos, RG and Petersen, Ronald Carl},
  journal={Neurology},
  volume={54},
  number={9},
  pages={1760--1767},
  year={2000},
  publisher={AAN Enterprises}
}

@article{frisoni1999hippocampal,
  title={Hippocampal and entorhinal cortex atrophy in frontotemporal dementia and Alzheimer’s disease},
  author={Frisoni, GB and Laakso, MP and Beltramello, A and Geroldi, C and Bianchetti, A and Soininen, H and Trabucchi, M},
  journal={Neurology},
  volume={52},
  number={1},
  pages={91--91},
  year={1999},
  publisher={AAN Enterprises}
}

@article{laakso1998mri,
  title={MRI of the hippocampus in Alzheimer’s disease: sensitivity, specificity, and analysis of the incorrectly classified subjects},
  author={Laakso, MP and Soininen, H and Partanen, K and Lehtovirta, M and Hallikainen, M and H{\"a}nninen, T and Helkala, E-L and Vainio, P and Riekkinen, PJ},
  journal={Neurobiology of aging},
  volume={19},
  number={1},
  pages={23--31},
  year={1998},
  publisher={Elsevier}
}

@article{lehericy1994amygdalohippocampal,
  title={Amygdalohippocampal MR volume measurements in the early stages of Alzheimer disease.},
  author={Lehericy, Stephane and Baulac, Michel and Chiras, Jacques and Pierot, Laurent and Martin, Nadine and Pillon, Bernard and Deweer, Bernard and Dubois, Bruno and Marsault, Claude},
  journal={American Journal of Neuroradiology},
  volume={15},
  number={5},
  pages={929--937},
  year={1994},
  publisher={Am Soc Neuroradiology}
}

@article{jack1992mr,
  title={MR-based hippocampal volumetry in the diagnosis of Alzheimer's disease},
  author={Jack, Clifford R and Petersen, Ronald C and O'brien, Peter C and Tangalos, Eric G},
  journal={Neurology},
  volume={42},
  number={1},
  pages={183--183},
  year={1992},
  publisher={AAN Enterprises}
}





@article{pennanen2004hippocampus,
  title={Hippocampus and entorhinal cortex in mild cognitive impairment and early AD},
  author={Pennanen, Corina and Kivipelto, Miia and Tuomainen, Susanna and Hartikainen, P{\"a}ivi and H{\"a}nninen, Tuomo and Laakso, Mikko P and Hallikainen, Merja and Vanhanen, Matti and Nissinen, Aulikki and Helkala, Eeva-Liisa and others},
  journal={Neurobiology of aging},
  volume={25},
  number={3},
  pages={303--310},
  year={2004},
  publisher={Elsevier}
}

@article{du2001magnetic,
  title={Magnetic resonance imaging of the entorhinal cortex and hippocampus in mild cognitive impairment and Alzheimer9s disease},
  author={Du, AT and Schuff, N and Amend, D and Laakso, MP and Hsu, YY and Jagust, WJ and Yaffe, K and Kramer, JH and Reed, B and Norman, D and others},
  journal={Journal of Neurology, Neurosurgery \& Psychiatry},
  volume={71},
  number={4},
  pages={441--447},
  year={2001},
  publisher={BMJ Publishing Group Ltd}
}

@article{de2001hippocampal,
  title={Hippocampal formation glucose metabolism and volume losses in MCI and AD},
  author={De Santi, Susan and de Leon, Mony J and Rusinek, Henry and Convit, Antonio and Tarshish, Chaim Y and Roche, Alexandra and Tsui, Wai Hon and Kandil, Emad and Boppana, Madhu and Daisley, Katherine and others},
  journal={Neurobiology of aging},
  volume={22},
  number={4},
  pages={529--539},
  year={2001},
  publisher={Elsevier}
}

@article{convit1997specific,
  title={Specific hippocampal volume reductions in individuals at risk for Alzheimer’s disease},
  author={Convit, A and De Leon, MJ and Tarshish, C and De Santi, S and Tsui, W and Rusinek, H and George, A},
  journal={Neurobiology of aging},
  volume={18},
  number={2},
  pages={131--138},
  year={1997},
  publisher={Elsevier}
}



@article{ael2003early,
  title={Early diagnosis of Alzheimer’s disease: contribution of structural neuroimaging},
  author={a{\"e}l Chetelat, G and Baron, Jean-Claude},
  journal={Neuroimage},
  volume={18},
  number={2},
  pages={525--541},
  year={2003},
  publisher={Elsevier}
}

@article{petersen2004mild,
  title={Mild cognitive impairment as a diagnostic entity},
  author={Petersen, Ronald C},
  journal={Journal of internal medicine},
  volume={256},
  number={3},
  pages={183--194},
  year={2004},
  publisher={Wiley Online Library}
}

@article{winblad2004mild,
  title={Mild cognitive impairment--beyond controversies, towards a consensus: report of the International Working Group on Mild Cognitive Impairment},
  author={Winblad, Berndt and Palmer, Katie and Kivipelto, Miia and Jelic, V and Fratiglioni, Laura and Wahlund, L-O and Nordberg, A and B{\"a}ckman, L and Albert, Michael and Almkvist, O and others},
  journal={Journal of internal medicine},
  volume={256},
  number={3},
  pages={240--246},
  year={2004},
  publisher={Wiley Online Library}
}
